This file was created with JabRef 2.1.
Encoding: Cp1252

@BOOK{Schwarz1997,
  title = {{N}umerische {M}athematik},
  publisher = {Teubner},
  year = {1997},
  author = {H.R. Schwarz},
  address = {Stuttgart},
  edition = {4th}
}

@BOOK{Stoer1999,
  title = {{N}umerische {M}athematik {I}},
  publisher = {Springer},
  year = {1999},
  author = {J. Stoer},
  address = {Berlin},
  edition = {8th}
}

@BOOK{Stroud1971,
  title = {{A}pproximate {C}alculations of {M}ultiple {I}ntegrals},
  publisher = {Prentice-Hall},
  year = {1971},
  author = {A.H. Stroud},
  address = {Englewood Cliffs}
}

