This file was created with JabRef 2.2.
Encoding: Cp1252

@ARTICLE{Ar,
  author = {D. N. Arnold},
  title = {Mixed finite element methods for elliptic problems},
  journal = {Comput. Methods Appl. Mech. Eng.},
  year = {1990},
  volume = {82},
  pages = {281--300},
  number = {1-3},
  address = {Lausanne, Switzerland, Switzerland},
  doi = {http://dx.doi.org/10.1016/0045-7825(90)90168-L},
  issn = {0045-7825},
  publisher = {Elsevier Sequoia S. A.}
}

@ARTICLE{ArWi,
  author = {Douglas N. Arnold and Ragnar Winther},
  title = {Mixed finite elements for elasticity},
  journal = {Numerische Mathematik},
  year = {2002},
  volume = {92},
  pages = {401-419},
  owner = {D. Günther},
  timestamp = {2007.12.30}
}

@ARTICLE{BahCC,
  author = {C. Bahriawati and C. Carstensen},
  title = {Three Matlab implementations of the lowest-order Raviart-Thomas MFEM
	with a posteriori error control},
  journal = {Computational Methods in Applied Mathematics},
  year = {2005},
  volume = {5},
  pages = {333-361},
  owner = {D. Günther},
  timestamp = {2007.12.30}
}

@BOOK{Bra,
  title = {Finite Elements},
  publisher = {Springer},
  year = {1992},
  author = {D. Braess}
}

@ARTICLE{Brandts,
  author = {Brandts, J.H.},
  title = {Superconvergence for triangular order k=1 Raviart-Thomas mixed- and
	for triangular standard quadratic finite element methods},
  year = {2000},
  institution = {Publications of the Universiteit van Amsterdam [http://dare.uva.nl/cgi/arno/oai/uvapub]
	(Netherlands)},
  keywords = {Numerical mathematics, 31.76},
  url = {http://dare.uva.nl/record/135530}
}

@BOOK{BrCC,
  title = {Chapter 4 in Encyclopedia of Computational Mechanics},
  publisher = {John Wiley and Sons},
  year = {2004},
  author = {Susanne C. Brenner and Carsten Carstensen},
  owner = {D. Günther},
  timestamp = {2007.12.30}
}

@ARTICLE{CC2,
  author = {C. Carstensen},
  title = {A unifying theory of a posteriori finite element error control},
  journal = {Numer. Math.},
  year = {2005},
  volume = {100},
  pages = {617--637},
  number = {4},
  address = {Secaucus, NJ, USA},
  doi = {http://dx.doi.org/10.1007/s00211-004-0577-y},
  issn = {0029-599X},
  publisher = {Springer-Verlag New York, Inc.}
}

@ARTICLE{CC2004,
  author = {Carsten Carstensen},
  title = {An Adaptive Mesh-Refining Algorithm Allowing for an ${H}^1$ Stable
	${L}^2$ Projection onto Courant Finite Element Spaces},
  journal = {Constructive Approximation},
  year = {2004},
  volume = {20},
  pages = {549-564},
  owner = {D. Günther},
  timestamp = {2007.12.30}
}

@ARTICLE{CC1,
  author = {Carsten Carstensen},
  title = {A posteriori error estimate for the mixed finite element method},
  journal = {Math. Comput.},
  year = {1997},
  volume = {66},
  pages = {465--476},
  number = {218},
  address = {Boston, MA, USA},
  doi = {http://dx.doi.org/10.1090/S0025-5718-97-00837-5},
  issn = {0025-5718},
  publisher = {American Mathematical Society}
}

@ARTICLE{CCDo,
  author = {Carsten Carstensen and Georg Dolzmann},
  title = {A posteriori error estimates for mixed {FEM} in elasticity},
  journal = {Numer. Math.},
  year = {1998},
  volume = {81},
  pages = {187--209},
  number = {2},
  coden = {NUMMA7},
  fjournal = {Numerische Mathematik},
  issn = {0029-599X},
  mrclass = {65N30 (65N15 73V05)},
  mrnumber = {99m:65208},
  mrreviewer = {Petr Proch{'a}zka}
}

@ARTICLE{CCDoFuHe,
  author = {C. Carstensen and G. Dolzmann and S.A. Funken and D.S. Helm},
  title = {Locking-free adaptive mixed finite element methods in linear elasticity},
  journal = {Computer Methods in Applied Mechanics and Engineering},
  year = {2000},
  volume = {190},
  pages = {1701-1718},
  owner = {D. Günther},
  timestamp = {2007.12.30}
}

@ARTICLE{CCFu2,
  author = {C. Carstensen and S. Funken},
  title = {Averaging technique for FE -- a posteriori error control in elasticity},
  journal = {Comput. Methods Appl. Mech. Engrg.},
  year = {2001},
  volume = {190},
  pages = {2483--2498},
  url = {citeseer.ist.psu.edu/carstensen99averaging.html}
}

@ARTICLE{CCFu,
  author = {Carsten Carstensen and Stefan A. Funken},
  title = {A posteriori error control in low-order finite element discretisations
	of incompressible stationary flow problems},
  journal = {Mathematics of Computation},
  year = {2001},
  volume = {70},
  pages = {1353--1381},
  number = {236},
  url = {citeseer.ist.psu.edu/carstensen99posteriori.html}
}

@UNPUBLISHED{CCGuReTh,
  author = {Carsten Carstensen and David G\"unther and Jan Reininghaus and Jan
	Thiele},
  title = {The Arnold-Winther Mixed FEM in Linear Elasticity. Part I: Implementation
	and Numerical Verification},
  note = {Submitted in Computer Methods in Applied Mechanics and Engineering}
}

@ARTICLE{CCHo1,
  author = {C. Carstensen and R. Hoppe},
  title = {Convergence analysis of an adaptive nonconforming finite element
	method},
  journal = {Numerische Mathematik},
  year = {2006},
  volume = {103},
  pages = {251-266}
}

@ARTICLE{CCHo2,
  author = {Carsten Carstensen and Ronald H.W. Hoppe},
  title = {Error Reduction And Convergence For An Adaptive Mixed Finite Element
	Method },
  year = {2005},
  number = { 13 / 2005 },
  note = {[Online: Stand 2007-12-30T15:09:12Z]},
  publisher = { Humboldt-Universität zu Berlin, Institut für Mathematik },
  url = { \url{ http://edoc.hu-berlin.de/docviews/abstract.php?id=26164 } }
}

@UNPUBLISHED{CaKrNoKu,
  author = {J. Manuel Cascon and Christian Kreuzer and Ricardo H. Nochetto and
	Kunibert G. Siebert},
  title = {Quasi-Optimal Convergence Rate for an Adaptive Finite Element Method},
  year = {2007},
  publisher = {Institute of Mathematics Augsburg, Preprint}
}

@BOOK{HaFaIo,
  title = {Elliptic Differential Equations: Theory and Numerical Treatment},
  publisher = {Springer},
  year = {1992},
  author = {W. Hackbusch and Regine Fadiman and Patrick D. F. Ion},
  owner = {D. Günther},
  timestamp = {2007.12.30}
}

@ARTICLE{Kirby,
  author = {R. Kirby},
  title = {Residual a Posteriori Error Estimates for the Mixed Finite Element
	Method},
  journal = {Computational Geosciences},
  year = {2003},
  volume = {7},
  pages = {197-214(18)},
  abstract = {<P>In this paper, residual-based <I>a posteriori</I> error bounds
	are derived for the mixed finite element method applied to a model
	second order elliptic problem. A global upper bound for the error
	in the scalar variable is established, as well as a local lower bound.
	In addition, due to the fact that the scalar and vector variables
	are approximated to equal order accuracy, the dual problem may be
	modified to give an upper bound for the vector variable. Some comments
	on estimating more general error quantities are also made. The estimate
	effectively guides adaptive refinement for a smooth problem with
	a boundary layer, as well as detects the need to refine near a singularity.</P>},
  url = {http://www.ingentaconnect.com/content/klu/comg/2003/00000007/00000003/05127325}
}

@ARTICLE{KoSt,
  author = {Reijo Kouhia and Rolf Stenberg},
  title = {A linear nonconforming finite element method for nearly incompressible
	elasticity and stokes flow},
  journal = {Computer Methods in Applied Mechanics and Engineering},
  year = {1995},
  volume = {124},
  pages = {195-212},
  owner = {D. Günther},
  timestamp = {2007.12.30}
}

@ARTICLE{LoSt,
  author = {Lovadina, Carlo and Stenberg, Rolf},
  title = {Energy norm a posteriori error estimates for mixed finite element
	methods},
  journal = {Math. Comp.},
  year = {2006},
  volume = {75},
  pages = {1659--1674 (electronic)},
  number = {256},
  coden = {MCMPAF},
  fjournal = {Mathematics of Computation},
  issn = {0025-5718},
  mrclass = {65N30 (65N15)},
  mrnumber = {MR2240629}
}

@ARTICLE{MoNoSi1,
  author = {Pedro Morin and Ricardo H. Nochetto and Kunibert G. Siebert},
  title = {Local problems on stars: a posteriori error estimators, convergence,
	and performance},
  journal = {Math. Comput.},
  year = {2003},
  volume = {72},
  pages = {1067--1097},
  number = {243},
  address = {Boston, MA, USA},
  doi = {http://dx.doi.org/10.1090/S0025-5718-02-01463-1},
  issn = {0025-5718},
  publisher = {American Mathematical Society}
}

@ARTICLE{MoNoSi2,
  author = {Pedro Morin and Ricardo H. Nochetto and Kunibert G. Siebert},
  title = {Convergence of Adaptive Finite Element Methods},
  journal = {SIAM Rev.},
  year = {2002},
  volume = {44},
  pages = {631--658},
  number = {4},
  address = {Philadelphia, PA, USA},
  doi = {http://dx.doi.org/10.1137/S0036144502409093},
  issn = {0036-1445},
  publisher = {Society for Industrial and Applied Mathematics}
}

@BOOK{Schwarz1997,
  title = {{N}umerische {M}athematik},
  publisher = {Teubner},
  year = {1997},
  author = {H.R. Schwarz},
  address = {Stuttgart},
  edition = {4th},
  owner = {D. Günther},
  timestamp = {2007.12.30}
}

@ARTICLE{Ste,
  author = {Rob Stevenson},
  title = {Optimality of a Standard Adaptive Finite Element Method},
  journal = {Found. Comput. Math.},
  year = {2007},
  volume = {7},
  pages = {245--269},
  number = {2},
  address = {Secaucus, NJ, USA},
  doi = {http://dx.doi.org/10.1007/s10208-005-0183-0},
  issn = {1615-3375},
  publisher = {Springer-Verlag New York, Inc.}
}

@BOOK{Stoer1999,
  title = {{N}umerische {M}athematik {I}},
  publisher = {Springer},
  year = {1999},
  author = {J. Stoer},
  address = {Berlin},
  edition = {8th},
  owner = {D. Günther},
  timestamp = {2007.12.30}
}

@BOOK{Stroud1971,
  title = {{A}pproximate {C}alculations of {M}ultiple {I}ntegrals},
  publisher = {Prentice-Hall},
  year = {1971},
  author = {A.H. Stroud},
  address = {Englewood Cliffs},
  owner = {D. Günther},
  timestamp = {2007.12.30}
}

@BOOK{Ver,
  title = {A review of a posteriori error estimation and adaptive mesh refinement
	techniques},
  publisher = {Wiley Teubner},
  year = {1996},
  author = {R\"udiger Verf\"urth},
  owner = {D. Günther},
  timestamp = {2007.12.30}
}

@comment{jabref-meta: selector_publisher:}

@comment{jabref-meta: selector_author:}

@comment{jabref-meta: selector_journal:}

@comment{jabref-meta: selector_keywords:}

